@unpublished{deeplearningbook,
  title={Deep Learning},
  author={Ian Goodfellow and Yoshua Bengio and Aaron Courville},
  note={Book in preparation for MIT Press},
  url={http://www.deeplearningbook.org},
  year={2016}
}

@article{mnih2015human,
  title={Human-level control through deep reinforcement learning},
  author={Mnih, Volodymyr and Kavukcuoglu, Koray and Silver, David and Rusu, Andrei A and Veness, Joel and Bellemare, Marc G and Graves, Alex and Riedmiller, Martin and Fidjeland, Andreas K and Ostrovski, Georg and others},
  journal={Nature},
  volume={518},
  number={7540},
  pages={529--533},
  year={2015},
  publisher={Nature Research}
}

@unpublished{rlintroduction,
  title={Reinforcement Learning: An Introduction},
  author={Richard S. Sutton and Andrew G. Barto},
  note={Book in preparation for MIT Press},
  year={2016}
}

@article{zhang2000neural,
  title={Neural networks for classification: a survey},
  author={Zhang, Guoqiang Peter},
  journal={IEEE Transactions on Systems, Man, and Cybernetics, Part C (Applications and Reviews)},
  volume={30},
  number={4},
  pages={451--462},
  year={2000},
  publisher={IEEE}
}